<record xmlns='http://www.loc.gov/MARC21/slim'><leader>01684cas a2200409   4500</leader><controlfield tag='001'>2181169</controlfield><controlfield tag='005'>20180808190753.0</controlfield><controlfield tag='008'>750514d19171972caumr1p      f0   a1eng d</controlfield><datafield ind1=' ' ind2=' ' tag='010'><subfield code='a'>ca 33001141</subfield></datafield><datafield ind1='1' ind2=' ' tag='019'><subfield code='a'>22987631</subfield></datafield><datafield ind1=' ' ind2=' ' tag='022'><subfield code='a'>0014-9195</subfield></datafield><datafield ind1=' ' ind2=' ' tag='035'><subfield code='9'>(AuCNLDY)3339990</subfield></datafield><datafield ind1=' ' ind2=' ' tag='035'><subfield code='a'>2181169</subfield></datafield><datafield ind1=' ' ind2=' ' tag='040'><subfield code='a'>FGULS</subfield><subfield code='b'>eng</subfield><subfield code='c'>FGULS</subfield><subfield code='d'>CtY</subfield><subfield code='d'>NSDP</subfield><subfield code='d'>OCoLC</subfield><subfield code='d'>NST</subfield><subfield code='d'>OCoLC</subfield></datafield><datafield ind1=' ' ind2=' ' tag='042'><subfield code='a'>nsdp</subfield></datafield><datafield ind1=' ' ind2=' ' tag='043'><subfield code='a'>n-us---</subfield></datafield><datafield ind1='0' ind2='0' tag='050'><subfield code='a'>HC107.A18</subfield><subfield code='b'>A2</subfield></datafield><datafield ind1='0' ind2=' ' tag='082'><subfield code='a'>330.5</subfield></datafield><datafield ind1='2' ind2=' ' tag='110'><subfield code='a'>Federal Reserve Bank of San Francisco.</subfield></datafield><datafield ind1=' ' ind2='0' tag='222'><subfield code='a'>Monthly review - Federal Reserve Bank of San Francisco</subfield></datafield><datafield ind1='1' ind2='0' tag='245'><subfield code='a'>Monthly review - Federal Reserve Bank of San Francisco.</subfield></datafield><datafield ind1='0' ind2='0' tag='247'><subfield code='a'>General business and agricultural conditions</subfield><subfield code='f'>1917-20</subfield></datafield><datafield ind1='0' ind2='0' tag='247'><subfield code='a'>Agricultural and business conditions in the Twelfth Federal Reserve District</subfield><subfield code='f'>1921-22</subfield></datafield><datafield ind1='1' ind2='0' tag='247'><subfield code='a'>Monthly review of business conditions</subfield><subfield code='f'>1923-Jan. 1937</subfield></datafield><datafield ind1='0' ind2='0' tag='247'><subfield code='a'>Monthly review, business conditions in the Twelfth Federal Reserve District</subfield><subfield code='f'>Mar. 1937-1941</subfield></datafield><datafield ind1=' ' ind2=' ' tag='260'><subfield code='a'>San Francisco.</subfield></datafield><datafield ind1=' ' ind2=' ' tag='300'><subfield code='a'>v.</subfield><subfield code='b'>ill. (maps) diagrs.</subfield><subfield code='c'>27 cm.</subfield></datafield><datafield ind1=' ' ind2=' ' tag='310'><subfield code='a'>Monthly</subfield></datafield><datafield ind1='0' ind2=' ' tag='362'><subfield code='a'>1917-Dec. 1972.</subfield></datafield><datafield ind1=' ' ind2=' ' tag='515'><subfield code='a'>Issues for 1917-Jan. 1937 called v. 1-21, no. 1.</subfield></datafield><datafield ind1=' ' ind2=' ' tag='515'><subfield code='a'>None published Feb. 1937.</subfield></datafield><datafield ind1=' ' ind2='0' tag='650'><subfield code='a'>Business</subfield><subfield code='v'>Periodicals.</subfield></datafield><datafield ind1=' ' ind2='0' tag='651'><subfield code='a'>United States</subfield><subfield code='x'>Economic conditions</subfield><subfield code='y'>1918-1945.</subfield></datafield><datafield ind1='2' ind2='2' tag='710'><subfield code='a'>Federal Reserve Bank of San Francisco.</subfield><subfield code='t'>General business and agricultural conditions.</subfield></datafield><datafield ind1='2' ind2='2' tag='710'><subfield code='a'>Federal Reserve Bank of San Francisco.</subfield><subfield code='t'>Agricultural and business conditions.</subfield></datafield><datafield ind1='0' ind2='0' tag='785'><subfield code='c'>(San Francisco)</subfield><subfield code='t'>Business review</subfield><subfield code='x'>0093-8262</subfield></datafield><datafield ind1=' ' ind2=' ' tag='984'><subfield code='a'>ANL</subfield><subfield code='c'>S 330.973 FED</subfield><subfield code='e'>(Jan. 1956-Dec. 1961; Apr. 1962; Aug. 1962-Sept. 1962; Jan. 1963-May 1972)</subfield></datafield></record>